@online{HungarianPostcodes:2015,
    author = "Magyar Posta Zrt.",
    title = "Hungarian Postcodes",
    url = "http://posta.hu/static/internet/download/Iranyitoszam_Internet.XLS"
}
@online{SlovakianPostcodes:2015,
    author = "Slovenská pošta",
    title = "Slovakian Postcodes",
    url = "http://psc.posta.sk"
}